<?xml version="1.0" encoding="UTF-8"?><collection xmlns="http://www.loc.gov/MARC21/slim"><record><leader>00595nam--2200181-i-4500</leader><controlfield tag="001">000014456</controlfield><controlfield tag="002">20161230</controlfield><controlfield tag="005">20161230201030</controlfield><controlfield tag="008">060222s1000------------r-----000-0-fre-d</controlfield><datafield ind1=" " ind2=" " tag="040"><subfield code="a">IFIN-HH</subfield></datafield><datafield ind1=" " ind2=" " tag="041"><subfield code="a">fre</subfield></datafield><datafield ind1=" " ind2=" " tag="080"><subfield code="a">536.76.621.382.333(043)</subfield></datafield><datafield ind1="1" ind2=" " tag="100"><subfield code="a">Brini, Jean</subfield></datafield><datafield ind1="1" ind2="0" tag="245"><subfield code="a">Exposants critiques et fluctuations au voisinage du point d'amorcage du transistor unijonction. application a la realisation d'un capteur magnetosensible</subfield><subfield code="b">These</subfield><subfield code="c">Jean brini</subfield></datafield><datafield ind1=" " ind2=" " tag="260"><subfield code="a">Grenoble</subfield><subfield code="b">Universite Scientifique</subfield><subfield code="c">1981</subfield></datafield><datafield ind1=" " ind2=" " tag="300"><subfield code="a">141 P</subfield></datafield><datafield ind1=" " ind2=" " tag="852"><subfield code="a">71121</subfield><subfield code="c">536.7</subfield></datafield><datafield ind1=" " ind2=" " tag="CAT"><subfield code="a">Sys</subfield><subfield code="c">20110601</subfield><subfield code="h">123238</subfield></datafield></record></collection>